@book{Hatcher,
    AUTHOR = {Hatcher, Allen},
     TITLE = {Algebraic topology},
 PUBLISHER = {Cambridge University Press, Cambridge},
      YEAR = {2002},
     PAGES = {xii+544},
      ISBN = {0-521-79160-X; 0-521-79540-0},
   MRCLASS = {55-01 (55-00)},
  MRNUMBER = {1867354},
MRREVIEWER = {Donald\ W.\ Kahn},
}

@book {MacLane,
    AUTHOR = {Mac Lane, Saunders},
     TITLE = {Categories for the working mathematician},
    SERIES = {Graduate Texts in Mathematics},
    VOLUME = {5},
   EDITION = {Second},
 PUBLISHER = {Springer-Verlag, New York},
      YEAR = {1998},
     PAGES = {xii+314},
      ISBN = {0-387-98403-8},
   MRCLASS = {18-02},
  MRNUMBER = {1712872},
}

@book {Munkres,
    AUTHOR = {Munkres, James R.},
     TITLE = {Elements of algebraic topology},
 PUBLISHER = {Addison-Wesley Publishing Company, Menlo Park, CA},
      YEAR = {1984},
     PAGES = {ix+454},
      ISBN = {0-201-04586-9},
   MRCLASS = {55-01},
  MRNUMBER = {755006},
MRREVIEWER = {Christopher\ W.\ Stark},
}

@misc{Homeo-article,
      title={Cellular complexes and embeddings into Euclidean spaces: M\"obius strip, torus, and projective plane}, 
      author={Anthony Fraga},
      year={2024},
      eprint={2408.14882},
      archivePrefix={arXiv},
      primaryClass={math.AT},
      url={https://arxiv.org/abs/2408.14882}, 
}

@misc{homeoImpossible,
      title={The complexity of the homeomorphism relation between compact metric spaces}, 
      author={Joseph Zielinski},
      year={2014},
      eprint={1409.5523},
      archivePrefix={arXiv},
      primaryClass={math.LO},
      url={https://arxiv.org/abs/1409.5523}, 
}